@article{Burden,
author = {J. Douglas Faires Richard - Richard L. Burden},
keywords = {interpolation, interpolación, lineal interpolation, spline cubic interpolation, polynomial, polinomios},
number = {3},
journal = {SIAM Review},
pages = {106 - 165},
title = {Análisis Numérico – Burden & Faires – 7ma Edición},
volume = {7},
year = {2012}
}

